@misc{redhat:service-mesh,
	author = {RedHat},
	year = {June 29, 2018},
	title = {What's a service mesh?},
	howpublished = {\url{https://www.redhat.com/en/topics/microservices/what-is-a-service-mesh}}
}

@misc{linkerd:audit,
	author = {William Morgan},
	year = {June 27, 2022},
	title = {Announcing the completion of Linkerd's 2022 Security Audit},
	howpublished = {\url{https://linkerd.io/2022/06/27/announcing-the-completion-of-linkerds-2022-security-audit}}
}
