@misc{redhat:service-mesh,
	author = {RedHat},
	year = {June 29, 2018},
	title = {What's a service mesh?},
	url = {https://www.redhat.com/en/topics/microservices/what-is-a-service-mesh}
}

@misc{linkerd:audit,
	author = {William Morgan},
	year = {June 27, 2022},
	title = {Announcing the completion of Linkerd's 2022 Security Audit},
	url = {https://linkerd.io/2022/06/27/announcing-the-completion-of-linkerds-2022-security-audit}
}

@misc{linkerd:mtls,
	author = {Flynn},
	year = {January 30, 2023},
	title = {mTLS and Linkerd},
	url = {https://linkerd.io/2023/01/30/mtls-and-linkerd/}
}

@misc{git:ksniff,
	author = {Eldad Rudich},
	year = {January 30, 2023},
	title = {ksniff},
	url = {https://github.com/eldadru/ksniff?fbclid=IwAR0_3IuIv36cqxW_xFZxbSsOTCjGRvST5kADJvqt53si9hvqveG4ShJLdm4}
}

@misc{linkerd:proxy,
	author = {Eliza Weisman},
	year = {July 23, 2020},
	title = {Under the hood of Linkerd's state-of-the-art Rust proxy, Linkerd2-proxy},
	url = {https://linkerd.io/2020/07/23/under-the-hood-of-linkerds-state-of-the-art-rust-proxy-linkerd2-proxy/}
}

@misc{linkerd:architecture,
	title = {Architecture},
	url = {https://linkerd.io/2.13/reference/architecture/#control-plane}
}

@misc{linkerd:tutorial,
	title = {Getting started},
	url = {https://linkerd.io/2.13/getting-started/}
}


